@inproceedings{gorla2014checking,
  title={Checking app behavior against app descriptions},
  author={Gorla, Alessandra and Tavecchia, Ilaria and Gross, Florian and Zeller, Andreas},
  booktitle={Proceedings of the 36th International Conference on Software Engineering},
  pages={1025--1035},
  year={2014},
  organization={ACM}
}

@inproceedings{aafer2013droidapiminer,
  title={Droidapiminer: Mining api-level features for robust malware detection in android},
  author={Aafer, Yousra and Du, Wenliang and Yin, Heng},
  booktitle={International Conference on Security and Privacy in Communication Systems},
  pages={86--103},
  year={2013},
  organization={Springer}
}

@inproceedings{wu2012droidmat,
  title={Droidmat: Android malware detection through manifest and api calls tracing},
  author={Wu, Dong-Jie and Mao, Ching-Hao and Wei, Te-En and Lee, Hahn-Ming and Wu, Kuo-Ping},
  booktitle={Information Security (Asia JCIS), 2012 Seventh Asia Joint Conference on},
  pages={62--69},
  year={2012},
  organization={IEEE}
}

@inproceedings{zheng2012smartdroid,
  title={Smartdroid: an automatic system for revealing ui-based trigger conditions in android applications},
  author={Zheng, Cong and Zhu, Shixiong and Dai, Shuaifu and Gu, Guofei and Gong, Xiaorui and Han, Xinhui and Zou, Wei},
  booktitle={Proceedings of the second ACM workshop on Security and privacy in smartphones and mobile devices},
  pages={93--104},
  year={2012},
  organization={ACM}
}

@inproceedings{qu2014autocog,
  title={Autocog: Measuring the description-to-permission fidelity in android applications},
  author={Qu, Zhengyang and Rastogi, Vaibhav and Zhang, Xinyi and Chen, Yan and Zhu, Tiantian and Chen, Zhong},
  booktitle={Proceedings of the 2014 ACM SIGSAC Conference on Computer and Communications Security},
  pages={1354--1365},
  year={2014},
  organization={ACM}
}

@inproceedings{burguera2011crowdroid,
  title={Crowdroid: behavior-based malware detection system for android},
  author={Burguera, Iker and Zurutuza, Urko and Nadjm-Tehrani, Simin},
  booktitle={Proceedings of the 1st ACM workshop on Security and privacy in smartphones and mobile devices},
  pages={15--26},
  year={2011},
  organization={ACM}
}

@inproceedings{avdiienko2015mining,
  title={Mining apps for abnormal usage of sensitive data},
  author={Avdiienko, Vitalii and Kuznetsov, Konstantin and Gorla, Alessandra and Zeller, Andreas and Arzt, Steven and Rasthofer, Siegfried and Bodden, Eric},
  booktitle={Proceedings of the 37th International Conference on Software Engineering-Volume 1},
  pages={426--436},
  year={2015},
  organization={IEEE Press}
}

@inproceedings{liu2014two,
  title={A two-layered permission-based Android malware detection scheme},
  author={Liu, Xing and Liu, Jiqiang},
  booktitle={Mobile cloud computing, services, and engineering (mobilecloud), 2014 2nd ieee international conference on},
  pages={142--148},
  year={2014},
  organization={IEEE}
}

@inproceedings{jamrozik2016droidmate,
  title={Droidmate: a robust and extensible test generator for android},
  author={Jamrozik, Konrad and Zeller, Andreas},
  booktitle={Mobile Software Engineering and Systems (MOBILESoft), 2016 IEEE/ACM International Conference on},
  pages={293--294},
  year={2016},
  organization={IEEE}
}

%----------------------------------------------------------------------------------------%
@misc{ wiki:xxx,
    author = "{Wikipedia contributors}",
    title = "Statistical classification --- {Wikipedia}{,} The Free Encyclopedia",
    year = "2018",
    howpublished = "\url{https://en.wikipedia.org/w/index.php?title=Statistical_classification&oldid=845256559}",
  }

@misc{dataforclassmodel,
author = "{Prof. Zeller}",
year = "2014",
title="dataset", 
howpublished = "\url{https://www.st.cs.uni-saarland.de/appmining/chabada/}", 
}

@misc{ wiki:xxx1,
    author = "{Wikipedia contributors}",
    title = "Confusion matrix --- {Wikipedia}{,} The Free Encyclopedia",
    year = "2018",
    howpublished = "\url{https://en.wikipedia.org/w/index.php?title=Confusion_matrix&oldid=844134813}",
  }
  
@misc{ androidplatformarch,
    author = "{Google Developers}",
    title = "Android Platform Architecture",
    year = "2018",
    howpublished = "\url{https://developer.android.com/guide/platform/}",
  }
  
@misc{ androidpermissions,
    author = "{Google Developers}",
    title = "Android Permissons",
    year = "2018",
    howpublished = "\url{https://developer.android.com/guide/topics/permissions/overview}",
  }

@misc{ wiki:xxx2,
    author = "{Wikipedia contributors}",
    title = "Logistic regression --- {Wikipedia}{,} The Free Encyclopedia",
    year = "2018",
    howpublished = "\url{https://en.wikipedia.org/w/index.php?title=Logistic_regression&oldid=844391326}",
  }
  
@misc{ wiki:xxx3,
    author = "{Wikipedia contributors}",
    title = "Support vector machine --- {Wikipedia}{,} The Free Encyclopedia",
    year = "2018",
    howpublished = "\url{https://en.wikipedia.org/w/index.php?title=Support_vector_machine&oldid=842541213}",
  }
  
@misc{ wiki:xxx4,
    author = "{Wikipedia contributors}",
    title = "Artificial neural network --- {Wikipedia}{,} The Free Encyclopedia",
    year = "2018",
    howpublished = "\url{https://en.wikipedia.org/w/index.php?title=Artificial_neural_network&oldid=846600702}",
  }
  
@misc{ wiki:xxx5,
    author = "{Wikipedia contributors}",
    title = "Random forest --- {Wikipedia}{,} The Free Encyclopedia",
    year = "2018",
    howpublished = "\url{https://en.wikipedia.org/w/index.php?title=Random_forest&oldid=846743962}",
  }
  
@misc{ wiki:xxx6,
    author = "{Wikipedia contributors}",
    title = "Decision tree learning --- {Wikipedia}{,} The Free Encyclopedia",
    year = "2018",
    howpublished = "\url{https://en.wikipedia.org/w/index.php?title=Decision_tree_learning&oldid=845025616}",
  }
  
@misc{ smartphoneos,
    author = "{Statista}",
    title = "Global market share of smartphone operating system",
    year = "2018",
    howpublished = "\url{https://www.statista.com/statistics/266136/global-market-share-held-by-smartphone-operating-systems/}",
  }
  
@misc{ wiki:dalvik,
    author = "{Wikipedia contributors}",
    title = "Dalvik (software) --- {Wikipedia}{,} The Free Encyclopedia",
    year = "2018",
    howpublished = "\url{https://en.wikipedia.org/w/index.php?title=Dalvik_(software)&oldid=840000078}",
  }
  
@misc{ androidruntime,
    author = "Android devlopers",
    title = "Android Runtime",
    year = "2018",
    howpublished = "\url{https://source.android.com/devices/tech/dalvik/}",
  }
  
@misc{ androwarn,
    author = "Thomas Debize",
    title = "Androwarn",
    year = "2012",
    howpublished = "\url{https://github.com/maaaaz/androwarn/}",
  }
  
@article{arzt2014flowdroid,
  title={Flowdroid: Precise context, flow, field, object-sensitive and lifecycle-aware taint analysis for android apps},
  author={Arzt, Steven and Rasthofer, Siegfried and Fritz, Christian and Bodden, Eric and Bartel, Alexandre and Klein, Jacques and Le Traon, Yves and Octeau, Damien and McDaniel, Patrick},
  journal={Acm Sigplan Notices},
  volume={49},
  number={6},
  pages={259--269},
  year={2014},
  publisher={ACM}
}

@inproceedings{johnson2012analysis,
  title={Analysis of android applications' permissions},
  author={Johnson, Ryan and Wang, Zhaohui and Gagnon, Corey and Stavrou, Angelos},
  booktitle={Software Security and Reliability Companion (SERE-C), 2012 IEEE Sixth International Conference on},
  pages={45--46},
  year={2012},
  organization={IEEE}
}

@inproceedings{isohara2011kernel,
  title={Kernel-based behavior analysis for android malware detection},
  author={Isohara, Takamasa and Takemori, Keisuke and Kubota, Ayumu},
  booktitle={Computational Intelligence and Security (CIS), 2011 Seventh International Conference on},
  pages={1011--1015},
  year={2011},
  organization={IEEE}
}

@inproceedings{burguera2011crowdroid,
  title={Crowdroid: behavior-based malware detection system for android},
  author={Burguera, Iker and Zurutuza, Urko and Nadjm-Tehrani, Simin},
  booktitle={Proceedings of the 1st ACM workshop on Security and privacy in smartphones and mobile devices},
  pages={15--26},
  year={2011},
  organization={ACM}
}

@misc{ xposedframework,
    author = "XDA contributors",
    title = "Xposed Framework",
    year = "2014",
    howpublished = "\url{https://forum.xda-developers.com/xposed/xposed-installer-versions-changelog-t2714053}",
  }
  
@misc{ availableapp,
    author = "Statista",
    title = "Available application in Google play store",
    year = "2018",
    howpublished = "\url{https://www.statista.com/statistics/266210/number-of-available-applications-in-the-google-play-store/}",
  }
  
@inproceedings{merlo2017riskindroid,
  title={RiskInDroid: Machine Learning-Based Risk Analysis on Android},
  author={Merlo, Alessio and Georgiu, Gabriel Claudiu},
  booktitle={IFIP International Conference on ICT Systems Security and Privacy Protection},
  pages={538--552},
  year={2017},
  organization={Springer}
}

@misc{ andropytoool,
    author = "Alejandro Martín García",
    title = "AndroPyTool for Dynamic analysis and Static Analysis",
    year = "2018",
    howpublished = "\url{https://github.com/alexMyG/AndroPyTool}",
  }